
<record>
  <controlfield tag="001">1216769</controlfield>
  <datafield tag="024" ind1="7" ind2=" ">
    <subfield code="a">10.1051/epjconf/20123701009</subfield>
    <subfield code="2">DOI</subfield>
  </datafield>
  <datafield tag="035" ind1=" " ind2=" ">
    <subfield code="a">Akhmetshin:2012bu</subfield>
    <subfield code="9">SPIRESTeX</subfield>
  </datafield>
  <datafield tag="035" ind1=" " ind2=" ">
    <subfield code="9">DESY</subfield>
    <subfield code="z">DA13-04032</subfield>
  </datafield>
  <datafield tag="245" ind1=" " ind2=" ">
    <subfield code="a">Results from the e+ e- colliders in Novosibirsk</subfield>
  </datafield>
</record>

</collection>